@INPROCEEDINGS{rao:92a,
  author = {Rao, A. S. and Georgeff, M. P.},
  title = {{An Abstract Architecture for Rational Agents}},
  booktitle = {Proc. International Conference on Knowledge Representation and Reasoning
        (KR{\&}R)},
  year = {1992},
  pages = {439--449},
  publisher = {Morgan Kaufmann}
}

@TechReport{dennis17gwen,
  author =       {Louise A. Dennis},
  title =        {Gwendolen Semantics: 2017},
  institution =  {University of Liverpool, Department of Computer Science},
  year =         2017,
  number =       {ULCS-17-001}
}

@Article{dennis15:_two,
  author = 	 {Louise A. Dennis and Michael Fisher and Matt Webster},
  title = 	 {Two-stage agent program verification},
  journal = 	 {Journal of Logic and Computation},
  year = 	 2015}

@article{DBLP:journals/cacm/FisherDW13,
  author    = {Michael Fisher and
               Louise A. Dennis and
               Matthew P. Webster},
  title     = {Verifying autonomous systems},
  journal   = {Commun. ACM},
  volume    = {56},
  number    = {9},
  year      = {2013},
  pages     = {84-93},
  ee        = {http://doi.acm.org/10.1145/2494558},
  bibsource = {DBLP, http://dblp.uni-trier.de}
}

@article{dennis14:_pract,
year=2014,
issn={0928-8910},
journal={Automated Software Engineering},
doi={10.1007/s10515-014-0168-9},
title={Practical verification of decision-making in agent-based autonomous systems},
url={http://dx.doi.org/10.1007/s10515-014-0168-9},
publisher={Springer US},
keywords={Hybrid systems; Model checking; Agent architectures},
author={Dennis, Louise A. and Fisher, Michael and Lincoln, Nicholas K. and Lisitsa, Alexei and Veres, Sandor M.},
pages={1-55},
language={English}
}

@inproceedings{DALT10:abstraction,
  author="Dennis, L. A. and Fisher, M. and
           Lincoln, N. and Lisitsa, A. and Veres, S. M.",
  title="{Declarative Abstractions for Agent Based Hybrid Control Systems}",
  booktitle="Proc. 8th Int. Workshop on Declarative Agent Languages and Technologies (DALT)",
   series="{LNCS}",
   publisher="Springer",
   volume=6619,
   pages="96--111",
year=2010
}


@inproceedings{Dennis2016,
author="Dennis, Louise A.
and Aitken, Jonathan M.
and Collenette, Joe
and Cucco, Elisa
and Kamali, Maryam
and McAree, Owen
and Shaukat, Affan
and Atkinson, Katie
and Gao, Yang 
and Veres, Sandor M.
and Fisher, Michael",
editor="Alboul, Lyuba
and Damian, Dana
and Aitken, M. Jonathan",
title="Agent-Based Autonomous Systems and Abstraction Engines: Theory Meets Practice",
bookTitle="Towards Autonomous Robotic Systems: 17th Annual Conference, TAROS 2016, Sheffield, UK, June 26--July 1, 2016, Proceedings",
year="2016",
publisher="Springer International Publishing",
address="Cham",
pages="75--86",
isbn="978-3-319-40379-3",
doi="10.1007/978-3-319-40379-3_8",
url="http://dx.doi.org/10.1007/978-3-319-40379-3_8"
}

@ARTICLE{MCAPL_journal,
  author = {Dennis, L. A. and Fisher, M. and Webster, M. and Bordini, R. H.},
  title = {{Model Checking Agent Programming Languages}},
  journal = {Automated Software Engineering},
  year = {2012},
  volume = {19},
  pages = {5-63},
  number = {1},
  publisher = {Springer},
  theurl = {http://dx.doi.org/10.1007/s10515-011-0088-x}
}

@ARTICLE{VisserHBPL03,
  author = {Willem Visser and Klaus Havelund and Guillaume P. Brat and Seungjoon
        Park and Flavio Lerda},
  title = {{Model Checking Programs}},
  journal = {Automated Software Engineering},
  year = {2003},
  volume = {10},
  pages = {203-232},
  number = {2},
  owner = {matt},
  timestamp = {2013.05.31}
}

@INPROCEEDINGS{GOAL01,
  author = {K. V. Hindriks and F. S. {de Boer} and W. {van der Hoek} and J.-J.Ch
        Meyer},
  title = {{Agent Programming with Declarative Goals}},
  booktitle = {Intelligent Agents VII},
  year = {2001},
  volume = {1986},
  series = {LNAI},
  pages = {228--243},
  publisher = {Springer}
}

@article{Dennis2015,
title = "Formal verification of ethical choices in autonomous systems ",
journal = "Robotics and Autonomous Systems ",
volume = "",
number = "",
pages = " - ",
year = "2015",
note = "",
issn = "0921-8890",
doi = "http://dx.doi.org/10.1016/j.robot.2015.11.012",
url = "http://www.sciencedirect.com/science/article/pii/S0921889015003000",
author = "Louise Dennis and Michael Fisher and Marija Slavkovik and Matt Webster",
keywords = "Autonomous systems",
keywords = "Ethics",
keywords = "BDI programs",
keywords = "Formal verification "
}

@InProceedings{dennis15:_towar_verif_ethic_robot_behav,
        author =                         {Louise A. Dennis and Michael Fisher and Alan F. T. Winfield},
        title =                          {Towards Verifiably Ethical Robot Behaviour},
        booktitle = {AAAI Workshop on AI and Ethics (1st International Conference on AI and Ethics)},
        year =           2015,
        month =                  {January},
        address =        {Austin, TX}}

@online{Sourceforge,
  author = {Louise A. Dennis},
  title = {Modelchecking Agent Programming Languages},
  year = 2018,
  url = {https://sourceforge.net/p/mcapl/mcapl_code/ci/master/tree/},
  urldate = {2018-02-03}
}

@book{Clarke00:MC,
        author = "E. M. Clarke and O. Grumberg and D. Peled",
        title = "Model Checking",
        publisher = "MIT Press",
        year = 1999
}